@book{Lattice_Methods,
	author    = "Thomas DeGrand and Carleton DeTar",
	title     = "Lattice Methods For Quantum Chromodynamics",
	publisher = "World Scientific",
	year      = "2006",
	month     = "September"
}

@article{Moores_Law,
	author    = "Gordon E. Moore",
	title     = "Cramming More Components Onto Integrated Circuits",
	publisher = "Electronics Magazine",
	page      = "4",
	year      = "1965",
	month     = "April"
}

@conference{Moore_Limits,
	author    = "Zhirnov, V.V. and Cavin, R.K., III and Hutchby, J.A. and  Bourianoff",
	title     = "Limits to binary logic switch scaling - a gedanken model",
	booktitle   = "Proceedings of the IEEE",
	year      = "2003",
	month     = "November",
	volume    = "91",
	issue     = "11",
	pages     = "1934--1939"
}

@article{Amdahls_Law,
	author    = "Gene M. Amdahl",
	title     = "Validity of the Single Processor Approach to Achieving Large-Scale Computing Capabilities",
	journal   = "AFIPS Conference Proceedings",
	pages     = "483--485",
	year      = "1967"
}

@book{KirkAndHwu,
	author    = "David B. Kirk and Wen-mei W. Hwu",
	title     = "Programming Massively Parallel Processors: A Hands-on Approach",
	publisher = "Morgan Kaufmann",
	edition   = "1",
	year      = "2010",
	month     = "February"
}

@misc{TCHPC_cost,
	note      = "http://www.tchpc.tcd.ie/history"
}

@book{CUDA_C_Programming_Guide,
	author    = "NVIDIA",
	title     = "NVIDIA CUDA C Programming  Guide, Version 3.1",
	year      = "2010",
	month     = "May"
}

@book{CUDA_C_Best_Practices_Guide,
	author    = "NVIDIA",
	title     = "NVIDIA CUDA C Best Practices Guide, Version 3.2",
	year      = "2010",
	month     = "May"
}
